%% Created using Papers on Thu, 08 Jan 2015.
%% http://papersapp.com/papers/

@article{Pontius:1993vu,
author = {Pontius, B W},
title = {{Close encounters: why unstructured, polymeric domains can increase rates of specific macromolecular association.}},
journal = {Trends in biochemical sciences},
year = {1993},
volume = {18},
number = {5},
pages = {181--186},
month = may
}

@article{VanDerMerwe:2010hh,
author = {Van Der Merwe, P Anton and Dushek, Omer},
title = {{Mechanisms for T cell receptor triggering}},
journal = {Nature Reviews Immunology},
year = {2010},
volume = {11},
number = {1},
pages = {47--55},
month = dec
}

@article{Lenz:2006eo,
author = {Lenz, Peter and Swain, Peter S},
title = {{An Entropic Mechanism to Generate Highly Cooperative and Specific Binding from Protein Phosphorylations}},
journal = {Current Biology},
year = {2006},
volume = {16},
number = {21},
pages = {2150--2155},
month = nov
}

@article{Brownlie:2013kz,
author = {Brownlie, Rebecca J and Zamoyska, Rose},
title = {{T cell receptor signalling networks: branched, diversified and bounded}},
journal = {Nature Reviews Immunology},
year = {2013},
volume = {13},
number = {4},
pages = {257--269},
month = apr
}

@article{Bressloff:RE98Gs4d,
author = {Bressloff, P C},
title = {{Stochastic Processes in Cell Biology}},
year = {2014}
}

@article{Kutys:2010bk,
author = {Kutys, Matthew L and Fricks, John and Hancock, William O},
title = {{Monte Carlo Analysis of Neck Linker Extension in Kinesin Molecular Motors}},
journal = {PLoS Computational Biology},
year = {2010},
volume = {6},
number = {11},
pages = {e1000980},
month = nov
}

@article{Dyson:2005jb,
author = {Dyson, H Jane and Wright, Peter E},
title = {{Intrinsically unstructured proteins and their functions}},
journal = {Nature Reviews Molecular Cell Biology},
year = {2005},
volume = {6},
number = {3},
pages = {197--208},
month = mar
}

@article{Wright:2015cw,
author = {Wright, Peter E and Dyson, H Jane},
title = {{Intrinsically disordered proteins in cellular signalling and regulation}},
journal = {Nature Reviews Molecular Cell Biology},
year = {2015},
volume = {16},
number = {1},
pages = {18--29},
month = jan
}

@article{Allard:2012gy,
author = {Allard, Jun F and Dushek, Omer and Coombs, Daniel and Van Der Merwe, P Anton},
title = {{Mechanical Modulation of Receptor-Ligand Interactions at Cell-Cell Interfaces}},
journal = {Biophysical Journal},
year = {2012},
volume = {102},
number = {6},
pages = {1265--1273},
month = mar
}

@booklet{Boal:jgXY0Y5Y,
title = {{Mechanics of the Cell}},
author = {Boal, D},
year = {2012}
}

